<?xml version="1.0" encoding="UTF-8"?>
<record xmlns="http://www.loc.gov/MARC21/slim">
   <leader>02627cam a2200385 a 4500</leader>
   <controlfield tag="001">2839083</controlfield>
   <controlfield tag="003">NjP</controlfield>
   <controlfield tag="005">20190705145016.0</controlfield>
   <controlfield tag="008">000223s1897    mr            000 0 ara d</controlfield>
   <datafield tag="024" ind1="7" ind2=" ">
      <subfield code="a">princeton_aco003877</subfield>
      <subfield code="2">local</subfield>
   </datafield>
   <datafield ind1=" " ind2=" " tag="040">
      <subfield code="a">NjP</subfield>
      <subfield code="c">PUL</subfield>
      <subfield code="d">PUL</subfield>
   </datafield>
   <datafield ind1=" " ind2=" " tag="035">
      <subfield code="9">CNS2165TS</subfield>
   </datafield>
   <datafield ind1=" " ind2=" " tag="035">
      <subfield code="a">(NjP)2839083</subfield>
   </datafield>
   <datafield ind1=" " ind2=" " tag="049">
      <subfield code="a">PULL</subfield>
   </datafield>
   <datafield ind1=" " ind2=" " tag="035">
      <subfield code="a">(OCoLC)ocm79761394</subfield>
   </datafield>
   <datafield ind1="0" ind2=" " tag="100">
      <subfield code="6">880-01</subfield>
      <subfield code="a">Aḥmad ibn al-Khayyāṭ.</subfield>
   </datafield>
   <datafield ind1="1" ind2="0" tag="240">
      <subfield code="6">880-02</subfield>
      <subfield code="a">Ḥāshiyah ʻalá Sharḥ al-Būrī ʻalá Urjūzat Ibn Kīrān</subfield>
   </datafield>
   <datafield ind1="1" ind2="0" tag="245">
      <subfield code="6">880-03</subfield>
      <subfield code="a">Hādhihi Ḥāshiyat sayyidinā al-sharīf al-ʻallāmah al-muḥaqqiq al-mushārik Abī al-ʻAbbās Sayyidī Aḥmad ibn al-Khayyāṭ al-Ḥasanī ʻalá Sharḥ al-Imām al-Shaykh al-ʻallāmah ... Sayyidī al-Tihāmī al-Būrī al-Filālī al-Sijilmāsī ʻalá Urjūzat ... Muḥammad al-Ṭayyib ibn Kīrān.</subfield>
   </datafield>
   <datafield ind1="3" ind2="0" tag="246">
      <subfield code="6">880-04</subfield>
      <subfield code="a">Ḥāshiyat Aḥmad ibn al-Khayyāṭ al-Ḥasanī ʻalá Sharḥ al-Tihāmī al-Būrī al-Filālī al-Sijilmāsī ʻalá Urjūzat Muḥammad al-Ṭayyib ibn Kīrān</subfield>
   </datafield>
   <datafield ind1=" " ind2=" " tag="260">
      <subfield code="6">880-05</subfield>
      <subfield code="a">[Morocco] :</subfield>
      <subfield code="b">al-ʻArabī al-Azraq,</subfield>
      <subfield code="c">1314 [1897]</subfield>
   </datafield>
   <datafield ind1=" " ind2=" " tag="300">
      <subfield code="a">1 v. (various pagings) ;</subfield>
      <subfield code="c">23 cm.</subfield>
   </datafield>
   <datafield ind1="1" ind2="0" tag="600">
      <subfield code="6">880-06</subfield>
      <subfield code="a">Būrī, Muḥammad al-Tihāmī,</subfield>
      <subfield code="d">-1827.</subfield>
      <subfield code="t">Sharḥ ʻalá Urjūzat Ibn Kīrān.</subfield>
   </datafield>
   <datafield ind1="1" ind2="0" tag="600">
      <subfield code="6">880-07</subfield>
      <subfield code="a">Ibn Kīrān, Muḥammad al-Ṭayyib ibn ʻAbd al-Majīd,</subfield>
      <subfield code="d">1758 or 1759-1812 or 1813.</subfield>
      <subfield code="t">Urjūzah.</subfield>
   </datafield>
   <datafield ind1=" " ind2="7" tag="655">
      <subfield code="a">Lithographs</subfield>
      <subfield code="z">Morocco</subfield>
      <subfield code="y">1897</subfield>
      <subfield code="2">gmgpc</subfield>
   </datafield>
   <datafield ind1="0" ind2=" " tag="880">
      <subfield code="6">100-01/r</subfield>
      <subfield code="a">احمد بن الخياط.</subfield>
   </datafield>
   <datafield ind1="1" ind2="0" tag="880">
      <subfield code="6">240-02/r</subfield>
      <subfield code="a">حاشية على شرح البوري على ارجوزة ابن كيران</subfield>
   </datafield>
   <datafield ind1="1" ind2="0" tag="880">
      <subfield code="6">245-03/r</subfield>
      <subfield code="a">هذه حاشية سيدنا الشريف العلامة المحقق المشارك ابي العباس سيدي احمد بن الخياط الحسني على شرح الامام الشيخ العلامة ... سيدي التهامي البوري الفلالي السجلماسي على ارجوزة ... محمد الطيب بن كيران.</subfield>
   </datafield>
   <datafield ind1="3" ind2="0" tag="880">
      <subfield code="6">246-04/r</subfield>
      <subfield code="a">حاشية احمد بن الخياط الحسني على شرح التهامي البوري الفلالي السجلماسي على ارجوزة محمد الطيب بن كيران</subfield>
   </datafield>
   <datafield ind1=" " ind2=" " tag="880">
      <subfield code="6">260-05/r</subfield>
      <subfield code="a">[مغرب] :</subfield>
      <subfield code="b">العربي الازرق،</subfield>
      <subfield code="c">1314 [1897]</subfield>
   </datafield>
   <datafield ind1="1" ind2="4" tag="880">
      <subfield code="6">600-06/r</subfield>
      <subfield code="a">بوري، محمد التهامي،</subfield>
      <subfield code="d">-1827.</subfield>
      <subfield code="t">شرح على ارجوزة ابن كيران.</subfield>
   </datafield>
   <datafield ind1="1" ind2="4" tag="880">
      <subfield code="6">600-07/r</subfield>
      <subfield code="a">ابن كيران، محمد الطيب بن عبد المجيد،</subfield>
      <subfield code="d">1758 or 1759-1812 or 1813.</subfield>
      <subfield code="t">ارجوزة.</subfield>
   </datafield>
   <datafield ind1=" " ind2=" " tag="948">
      <subfield code="a">jeb</subfield>
   </datafield>
   <datafield ind1=" " ind2=" " tag="911">
      <subfield code="a">20000223</subfield>
   </datafield>
   <datafield ind1=" " ind2=" " tag="912">
      <subfield code="a">20000223053114.0</subfield>
   </datafield>
   <datafield ind1=" " ind2=" " tag="994">
      <subfield code="a">C0</subfield>
      <subfield code="b">PUL</subfield>
   </datafield>
   <datafield ind1=" " ind2=" " tag="999">
      <subfield code="a">2839083</subfield>
   </datafield>
   <datafield ind1=" " ind2=" " tag="979">
      <subfield code="a">(OCoLC)ocn178183328</subfield>
   </datafield>
   <datafield ind1="0" ind2="0" tag="852">
      <subfield code="0">3151660</subfield>
      <subfield code="b">rcppa</subfield>
      <subfield code="t">1</subfield>
      <subfield code="h">BP88.I25</subfield>
      <subfield code="i">H323 1897</subfield>
      <subfield code="x">tr fr nec</subfield>
   </datafield>
   <datafield ind1=" " ind2=" " tag="959">
      <subfield code="a">2000-06-13 00:00:00 -0400</subfield>
   </datafield>
</record>
